@INPROCEEDINGS{DashboardHeterogeneous,
  author={Orlando, Tjan Marco and Sunindyo, Wikan Danar},
  booktitle={2017 International Conference on Data and Software Engineering (ICoDSE)}, 
  title={Designing dashboard visualization for heterogeneous stakeholders (case study: ITB central library)}, 
  year={2017},
  volume={},
  number={},
  pages={1-6},
  keywords={Stakeholders;Libraries;Organizations;Business intelligence;Data visualization;Software engineering;Monitoring;dashboard;methodology;stakeholder;heterogenous},
  doi={10.1109/ICODSE.2017.8285872}}

@article{MeaningHeterogeneousStakeholders,
author = {Verena Bader and Anna-Lisa Schneider and Stephan Kaiser and Georg Loscher},
title ={The Engagement and Disengagement of Heterogeneous Stakeholders: A Relational Practice Perspective on Strategy Development},

journal = {Business \& Society},
volume = {0},
number = {0},
pages = {00076503241271295},
year = {0},
doi = {10.1177/00076503241271295},

URL = {   
        https://doi.org/10.1177/00076503241271295
},
eprint = { 
    
        https://doi.org/10.1177/00076503241271295

}
,
    abstract = { In this article, we underscore the importance of stakeholder relationships for research on stakeholder engagement. We do so by integrating a practice-based understanding with the relational view. Based on a revealing case study of a civic engagement process in a large German city, we develop a conceptual framework that explains how relational practices shape stakeholder engagement. We identify three relational practices (i.e., connecting, facilitating, and containing) and their associated outcomes (i.e., implication, solidarization, and distinction), as well as effects on stakeholder heterogeneity. Our findings contribute to the relational view on stakeholder engagement by providing insights into practices that shape relationships between heterogeneous stakeholders, explaining how these relational practices influence stakeholder heterogeneity, and identifying unintended impacts of stakeholder engagement. }
}


@article{hariyanti2008metodologia,
  title={Metodologi Pembangunan Dashboard Sebagai Alat Monitoring Kinerja Organisasi Studi Kasus: Institut Teknologi Bandung,”},
  author={Hariyanti, Eva}
}

@article{KOHA,
  title={Library automation with Koha},
  author={Egunjobi, RA and Awoyemi, RA},
  journal={Library Hi Tech News},
  volume={29},
  number={3},
  pages={12--15},
  year={2012},
  publisher={Emerald Group Publishing Limited}
}

@misc{kohaDatosColombia,
  title        = {KohaUsers/SouthAmerica (Table Row 5)},
  howpublished = {\url{https://wiki.koha-community.org/wiki/KohaUsers/SouthAmerica#table_row_5}},
  note         = {Página editada por última vez el 18 de enero de 2021},
  year         = {2021}
}

@misc{koha_manual_custom_reports,
  title        = {Koha Manual: Custom Reports},
  howpublished = {\url{https://koha-community.org/manual/latest/en/html/reports.html#custom-reports}},
  note         = {Accedido: 09 de febrero del 2025},
  year         = {s.f.}
}

@article{colegioKoha,
  title={Implementation of automated library management system in the School of Chemistry Bharathidasan University using Koha open source software},
  author={Neelakandan, B and Duraisekar, S and Balasubramani, R and Ragavan, S Srinivasa},
  journal={International Journal of Applied Engineering Research, Dindigul},
  volume={1},
  number={2},
  pages={149--167},
  year={2010},
  publisher={Integrated Publishing Association}
}

%%%%%%CONCEPTUAL%%%%%

@book{few2006information,
  author    = {Few, Stephen},
  title     = {Information Dashboard Design: The Effective Visual Communication of Data},
  publisher = {O'Reilly Media},
  year      = {2006},
  isbn      = {978-0596100162}
}

@article{ibm_reports_2018,
  author    = {IBM Analytics},
  title     = {Automated Report Generation in Modern Business Environments},
  journal   = {IBM Systems Journal},
  year      = {2018},
  volume    = {62},
  number    = {3},
  pages     = {15--22},
  doi       = {10.1147/IBM.2018.987654}
}

@book{marr2012key,
  author    = {Marr, Bernard},
  title     = {Key Performance Indicators: The 75 Measures Every Manager Needs To Know},
  publisher = {Pearson},
  year      = {2012},
  isbn      = {978-0132853932}
}

@misc{oclc_dewey,
  author       = {{OCLC}},
  title        = {Dewey Decimal Classification Summary},
  howpublished = {\url{https://www.oclc.org/content/dam/oclc/dewey/resources/summaries/deweysummaries.pdf}},
  note         = {Accedido: 09 de febrero del 2025},
  year         = {s.f.}
}


@article{finstad2010usabilityUMUX,
  title={The usability metric for user experience},
  author={Finstad, Kraig},
  journal={Interacting with computers},
  volume={22},
  number={5},
  pages={323--327},
  year={2010},
  publisher={Oxford University Press Oxford, UK}
}

@book{anderson2010kanban,
  author    = {Anderson, David J.},
  title     = {Kanban: Successful Evolutionary Change for Your Technology Business},
  publisher = {Blue Hole Press},
  year      = {2010},
  isbn      = {978-0977140012}
}

@book{jorgensen2013software,
  author    = {Jorgensen, Paul C.},
  title     = {Software Testing: A Craftsman's Approach},
  publisher = {CRC Press},
  year      = {2013},
  isbn      = {978-1466562132}
}

@book{healy2018data,
  author    = {Healy, Kieran},
  title     = {Data Visualization: A Practical Introduction},
  publisher = {Princeton University Press},
  year      = {2018},
  isbn      = {978-0691176739}
}

@inproceedings{heer2010crowdsourcingESTUDIOGRAFICAS,
  title={Crowdsourcing graphical perception: using mechanical turk to assess visualization design},
  author={Heer, Jeffrey and Bostock, Michael},
  booktitle={Proceedings of the SIGCHI conference on human factors in computing systems},
  pages={203--212},
  year={2010}
}

@misc{microsoft_xlsx_2019,
  author       = {Microsoft},
  title        = {Excel Open XML Formats: XLSX},
  howpublished = {\url{https://docs.microsoft.com/en-us/office/open-xml/}},
  note         = {Accedido: 09 de febrero del 2025},
  year         = {2019}
}

@misc{ibm_relational_databases,
  author = {{IBM}},
  title = {Bases de datos relacionales},
  howpublished = {\url{https://www.ibm.com/mx-es/topics/relational-databases}},
  year = {s.f.}
}

@misc{ionos_relational_databases,
  author = {{IONOS Digital Guide}},
  title = {¿Qué es una base de datos relacional (sistema de gestión de bases de datos relacionales)?},
  howpublished = {\url{https://www.ionos.es/digitalguide/hosting/cuestiones-tecnicas/bases-de-datos-relacionales/}},
  year = {s.f.}
}

@book{freeman1984strategic,
  title     = {Strategic Management: A Stakeholder Approach},
  author    = {Freeman, R. Edward},
  year      = {1984},
  publisher = {Pitman},
  address   = {Boston, MA}
}

@misc{iso11620_2023Library,
  title        = {ISO 11620:2023 – Library performance indicators},
  howpublished = {\url{https://www.iso.org/standard/83126.html}},
  year         = {2023},
  note         = {ISO Standard. Accessed: 09 February 2025}
}


@book{matthias2014docker,
  author    = {Matthias, Karl and Kane, Sean P.},
  title     = {Docker: Up \& Running: Shipping Reliable Containers in Production},
  publisher = {O'Reilly Media},
  year      = {2014},
  isbn      = {978-1491917572}
}

@article{ibm_backend_2020,
  author    = {IBM Developers},
  title     = {Backend Development: Best Practices and Trends},
  journal   = {IBM Developer Journal},
  year      = {2020},
  volume    = {64},
  number    = {4},
  pages     = {25--33},
  doi       = {10.1147/IBM.2020.6433}
}

@misc{typescript_2020,
  author       = {Microsoft},
  title        = {TypeScript Official Website},
  howpublished = {\url{https://www.typescriptlang.org/}},
  note         = {Accedido: 09 de febrero del 2025},
  year         = {2020}
}

@misc{nodejs_2020,
  author       = {Node.js Foundation},
  title        = {Node.js Official Website},
  howpublished = {\url{https://nodejs.org/}},
  note         = {Accedido: 09 de febrero del 2025},
  year         = {2020}
}

@misc{express_framework_2020,
  author       = {Express.js Team},
  title        = {Express - Fast, Unopinionated, Minimalist Web Framework for Node.js},
  howpublished = {\url{https://expressjs.com/}},
  note         = {Accessed: 09 February 2025},
  year         = {2020}
}

@misc{iso_standards_2019,
  author       = {ISO},
  title        = {International Organization for Standardization (ISO) Standards},
  howpublished = {\url{https://www.iso.org/standards.html}},
  note         = {Accedido: 09 de febrero del 2025},
  year         = {2019}
}

@article{ibm_report_filter_2021,
  author    = {IBM Analytics},
  title     = {Filtering Techniques in Automated Report Generation},
  journal   = {IBM Systems Journal},
  year      = {2021},
  volume    = {68},
  number    = {1},
  pages     = {10--18},
  doi       = {10.1147/IBM.2021.1018}
}

@book{biehl2016restful,
  author    = {Biehl, Matthias},
  title     = {RESTful API Design},
  publisher = {O'Reilly Media},
  year      = {2016},
  isbn      = {978-1491948155}
}

@article{ibm_report_2018,
  author    = {IBM Analytics},
  title     = {The Art of Report Generation in Data Analytics},
  journal   = {IBM Systems Journal},
  year      = {2018},
  volume    = {62},
  number    = {3},
  pages     = {35--42},
  doi       = {10.1147/IBM.2018.3542}
}

@misc{ibm_ils_2021,
  author       = {IBM Library Solutions},
  title        = {Integrated Library Systems: Modern Approaches and Case Studies},
  howpublished = {\url{https://www.ibm.com/solutions/library}},
  note         = {Accedido: 09 de febrero del 2025},
  year         = {2021}
}

@article{zingde2020role,
  title={The Role of Dashboards in Business Decision Making and Performance Management},
  author={Zingde, Sudesh and Shroff, Neha},
  journal={A Road Map to Future Business; Institute of Management, Nirma University: Ahmedabad, India},
  pages={227},
  year={2020}
}

@misc{mailchimp_report,
  author       = {Intuit Mailchimp},
  title        = {Why Automated Reporting is Essential for Modern Marketing Operations},
  howpublished = {\url{https://mailchimp.com/en/resources/automated-reporting/}},
  note         = {Accedido: 09 de febrero del 2025}
}

@misc{finerep_automatedrep_2024,
  author       = {IBM Library Solutions},
  title        = {Automated Reporting: How to Make Work Smarter},
  howpublished = {\url{https://www.ibm.com/solutions/library}},
  note         = {Accedido: 09 de febrero del 20255},
  year         = {2024}
}

@misc{SER_malaga2024,
  author       = {Cadena SER},
  title        = {La Biblioteca Pública Provincial de Málaga suma hasta septiembre casi cien mil visitas},
  year         = {2024},
  note         = {Accedido el 10 de febrero de 2025}
}

@misc{SER_rioja2024,
  author       = {Cadena SER},
  title        = {La Rioja cuenta con 24 bibliotecas públicas y se realizaron 340,000 préstamos en 2023},
  year         = {2024},
  note         = {Accedido el 10 de febrero de 2025}
}

@misc{SER_ponferrada2025,
  author       = {Cadena SER},
  title        = {Crece en casi un 14 por ciento el número de usuarios de la biblioteca de Ponferrada},
  year         = {2025},
  note         = {Accedido el 10 de febrero de 2025}
}

@article{Arriola2011,
  author  = {Arriola Navarrete, Oscar and Tecuatl Quechol, Graciela},
  title   = {Bibliotecas universitarias y automatización: un panorama de la Ciudad de México},
  journal = {Revista Interamericana de Bibliotecología},
  volume  = {34},
  number  = {2},
  year    = {2011},
  note    = {Disponible en Gale}
}

@book{CERLALC2011,
  title        = {Censo de bibliotecas públicas de Colombia},
  author       = {{Cerlalc}},
  year         = {2011},
  publisher    = {Universidad de Antioquia; Cerlalc},
  note         = {Datos recogidos en 2011}
}

@misc{BIBLORED2022,
  author       = {BibloRed},
  title        = {Crecen visitas a los espacios de lectura de Bogotá},
  howpublished = {\url{https://biblored.gov.co/noticias/balance-2022-biblored}},
  year         = {2022},
  note         = {Accedido el 10 de febrero de 2025}
}


@misc{UPB_Biblioteca,
  author       = {Universidad Pontificia Bolivariana},
  title        = {Biblioteca Benedicto XVI - Seccional Bucaramanga},
  year         = {2024},
  url          = {https://www.upb.edu.co/es/bibliotecas/biblioteca-bucaramanga},
  note         = {Consultado el 17 de febrero de 2025}
}
%%%%%%%%%%%%%%%%%%%%%%%%


@book{Schwaber2004,
  title     = {Agile Project Management with Scrum},
  author    = {Schwaber, Ken},
  year      = {2004},
  publisher = {Microsoft Press},
  address   = {Redmond, WA}
}

@book{Sutherland2014,
  title     = {Scrum: The Art of Doing Twice the Work in Half the Time},
  author    = {Sutherland, Jeff},
  year      = {2014},
  publisher = {Currency Doubleday},
  address   = {New York, NY}
}

@book{Cohn2005,
  title     = {Agile Estimating and Planning},
  author    = {Cohn, Mike},
  year      = {2005},
  publisher = {Prentice Hall},
  address   = {Upper Saddle River, NJ}
}


@book{gamma1994design,
  title = {Design Patterns: Elements of Reusable Object-Oriented Software},
  author = {Erich Gamma and Richard Helm and Ralph Johnson and John Vlissides},
  year = {1994},
  publisher = {Addison-Wesley},
  address = {Boston, MA}
}

@online{MEN2024_SIES_EEES2023,
  author       = {{Ministerio de Educación Nacional de Colombia}},
  title        = {El Ministerio de Educación Nacional pone a disposición la información estadística de educación superior 2023},
  year         = {2024},
  month        = {jul},
  date         = {2024-07-31},
  url          = {https://snies.mineducacion.gov.co/},
  organization = {Sistema Nacional de Información de la Educación Superior (SNIES)},
  urldate      = {2025-04-01}
}




%%%%HARIYANTI
@inproceedings{hariyanti-dashboard,
  title={The development methodology of operational dashboard as a tool for organizational performance monitoring},
  author={Suryatiningsih, Hariyanto and Ardiyanti, A and others},
  booktitle={International Conference on Information Systems for Business Competitiveness},
  pages={183--191},
  year={2011}
}

@book{DataQuality,
 author = {Carlo Batini and Monica Scannapieco},
 title = {Data and Information Quality: Dimensions, Principles and Techniques},
 year = {2016},
 publisher = {Springer},
 address = {Cham},
 isbn = {978-3-319-24104-3}
}